<?xml version="1.0" encoding="UTF-8"?><collection xmlns="http://www.loc.gov/MARC21/slim"><record><leader>00549nam--2200169-u-4500</leader><controlfield tag="001">000055548</controlfield><controlfield tag="002">20161230</controlfield><controlfield tag="005">20161230201052</controlfield><controlfield tag="008">130220s1000------------r-----000-0-eng-d</controlfield><datafield ind1=" " ind2=" " tag="040"><subfield code="a">IFIN-HH</subfield></datafield><datafield ind1=" " ind2=" " tag="080"><subfield code="a">007.681.5(038)=30=82</subfield></datafield><datafield ind1="1" ind2=" " tag="100"><subfield code="a">Kokorew. L.A</subfield></datafield><datafield ind1="1" ind2="0" tag="245"><subfield code="a">Deutsch-russisches worterbuch der automatisierungstechnik und technischen kybernetik</subfield><subfield code="b">Nemetko-russkii slovari po avtomatike i tehniceskoi kibernetike</subfield><subfield code="c">L.a. kokorew</subfield></datafield><datafield ind1=" " ind2=" " tag="260"><subfield code="a">Moskva</subfield><subfield code="b">Russkii Iazik</subfield><subfield code="c">1978</subfield></datafield><datafield ind1=" " ind2=" " tag="300"><subfield code="a">560P</subfield></datafield><datafield ind1=" " ind2=" " tag="852"><subfield code="a">D.307</subfield><subfield code="c">SLT</subfield></datafield><datafield ind1=" " ind2=" " tag="CAT"><subfield code="a">Sys</subfield><subfield code="c">20130220</subfield><subfield code="h">163944</subfield></datafield></record></collection>